
@online{contentAggregator,
  author = {1\&1},
  title = {Technical Concept - Content Aggregator - Portal Homepages - 1\&1 Mail and Media Wiki},
  year = 2017,
  url = {https://mam-confluence.1and1.com/display/IS280/Technical+Concept+-+Content+Aggregator},
  urldate = {2017-08-30}
}

@online{oracleReflection,
	author = {Oracle},
	title = {Using Java Reflection},
	year = 1988,
	url = {http://www.oracle.com/technetwork/articles/java/javareflection-1536171.html},
	urldate = {2017-09-04}
}
